@preamble{ "\newcommand{\noopsort}[1]{} "
	# "\newcommand{\printfirst}[2]{#1} "
	# "\newcommand{\singleletter}[1]{#1} "
	# "\newcommand{\switchargs}[2]{#2#1} " }

@book{C1988,
  title={The C Programming Language},
  author={Brian W., Kernighan and  Dennis M., Ritchie },
  year={1988},
  publisher={Prentice Hall Software Series}
}

@book{Cpp,
  title={C++ Annotations},
  author={Frank B. Brokken },
  year={2015},
  publisher={University of Groningen}
}

@book{Linux,
  title={Linux Programming Interface},
  author={Michael Kerrisk },
  year={2010},
  publisher={No Starch Press}
}

@misc{Man,
title={Linux User's Manual},
year=2015,
key={Multi},
note = {Manuálové stránky poskytované systémom. Dostupné v každej distribúcií.}
}

@manual{Fcntl,
title={FCNTL(2) Linux Programmer's Manual},
year=2015,
key={Multi},
note = {fcntl(2) manuál k fcntl}
}

@misc{Protocol,
title={Thorlabs Host-Controller Communication's Protocol},
year=2015,
author={Thorlabs},
note = { Komunikačný protokol poskytovaný výrobcom. }
}

@misc{Ftdi,
title={D2XX Programmer's Guide},
year=2012,
author={Future Technology Devices International (FTDI) },
note = { Manuál k chipom firmy FTDI, ktoré komunikujú cez port USB 2.0. }
}



